<?xml version="1.0" encoding="UTF-8"?>
<collection xmlns:xsi="http://www.w3.org/2001/XMLSchema-instance" xsi:schemaLocation="http://www.loc.gov/MARC21/slim http://www.loc.gov/standards/marcxml/schema/MARC21slim.xsd" xmlns="http://www.loc.gov/MARC21/slim">
<record>
  <leader>00655nam a2200217Ma 4500</leader>
  <controlfield tag="001">2685724</controlfield>
  <controlfield tag="003">NNC</controlfield>
  <controlfield tag="005">20030429134722.0</controlfield>
  <controlfield tag="008">840403m19539999le            000 0 araod</controlfield>
  <datafield tag="035" ind1=" " ind2=" ">
    <subfield code="a">(OCoLC)ocm23496881</subfield>
  </datafield>
  <datafield tag="035" ind1=" " ind2=" ">
    <subfield code="9">ARD5320CU</subfield>
  </datafield>
  <datafield tag="040" ind1=" " ind2=" ">
    <subfield code="a">EYM</subfield>
    <subfield code="c">EYM</subfield>
    <subfield code="d">ZCU</subfield>
  </datafield>
  <datafield tag="050" ind1=" " ind2="4">
    <subfield code="a">DS79</subfield>
    <subfield code="b">.H34 1953</subfield>
  </datafield>
  <datafield tag="099" ind1=" " ind2=" ">
    <subfield code="a">956.7</subfield>
    <subfield code="a">H27</subfield>
  </datafield>
  <datafield tag="100" ind1="1" ind2=" ">
    <subfield code="a">Ḥasanī, ʻAbd al-Razzāq.</subfield>
  </datafield>
  <datafield tag="245" ind1="1" ind2="0">
    <subfield code="a">Tārīkh al-wazārat al-ʻIrāqīyah /</subfield>
    <subfield code="c">bi-qalam ʻAbd al-Razzāq al-Ḥasanī.</subfield>
  </datafield>
  <datafield tag="260" ind1=" " ind2=" ">
    <subfield code="a">Ṣaydā :</subfield>
    <subfield code="b">Maṭbaʻat al-ʻUrfān,</subfield>
    <subfield code="c">1953-</subfield>
  </datafield>
  <datafield tag="300" ind1=" " ind2=" ">
    <subfield code="a">v. :</subfield>
    <subfield code="b">illus. ;</subfield>
    <subfield code="c">25 cm.</subfield>
  </datafield>
  <datafield tag="500" ind1=" " ind2=" ">
    <subfield code="a">vols. 1-4, 2d ed.</subfield>
  </datafield>
  <datafield tag="651" ind1=" " ind2="0">
    <subfield code="a">Iraq</subfield>
    <subfield code="x">Politics and government.</subfield>
  </datafield>
  <datafield tag="955" ind1=" " ind2=" ">
    <subfield code="b">0026812894</subfield>
    <subfield code="d">glx</subfield>
    <subfield code="e">956.7 H27</subfield>
    <subfield code="v">v.5</subfield>
  </datafield>
</record>
</collection>